@article{boldyreva2009order,
title={Order-preserving symmetric encryption},
author={Boldyreva, Alexandra and Chenette, Nathan and Lee, Younho and O’neill, Adam},
journal={Advances in Cryptology-EUROCRYPT},
pages={224--241},
year={2009},
publisher={Springer}
}

@book{cloudcomputing17,
  title = {Cloud Computing; Theory and Practice},
  edition = {Second},
  author = {Marinescu Dan C.},
  year = {2017},
  publisher = {Morgan Kaufmann, San Francisco, Ca.},
}

@ARTICLE{shannon-otp,
added-at = {2010-01-26T20:03:21.000+0100},
author = {Shannon, C.},
biburl = {http://www.bibsonomy.org/bibtex/2b07c0c91f6c750562d884d919065a6e8/nmenke},
interhash = {0c15e2ae21f0ff1fbcdfc222fc4ee00a},
intrahash = {b07c0c91f6c750562d884d919065a6e8},
journal = {Bell System Technical Journal, Vol 28, pp. 656–715},
keywords = {imported},
month = {October},
timestamp = {2010-01-26T20:03:21.000+0100},
title = {Communication Theory of Secrecy Systems},
year = 1949
}

@article{Ahmadian2016SecureNoSQL,
title = "{SecureNoSQL}: An approach for secure search of encrypted NoSQL databases in the public cloud ",
journal = "International Journal of Information Management ",
volume = "37",
number = "2",
pages = "63 - 74",
year = "2017",
note = "",
issn = "0268-4012",
doi = "http://dx.doi.org/10.1016/j.ijinfomgt.2016.11.005",
url = "http://www.sciencedirect.com/science/article/pii/S0268401216302262",
author = "Mohammad Ahmadian and Frank Plochan and Zak Roessler and Dan C. Marinescu",
keywords = "Search over encrypted data",
keywords = "Database as a service",
keywords = "NoSQL",
keywords = "Encryption",
keywords = "Cloud computing",
keywords = "Security",
keywords = "Query processing",
keywords = "Data integrity "
}

@inproceedings{hu2011processing,
title={Processing private queries over untrusted data cloud through privacy homomorphism},
author={Hu, Haibo and Xu, Jianliang and Ren, Chushi and Choi, Byron},
booktitle={Data Engineering (ICDE), 2011 IEEE 27th International Conference on},
pages={601--612},
year={2011},
organization={IEEE}
}

@inproceedings{Kuzu:2015:DSO:2699026.2699116,
author = {Kuzu, Mehmet and Islam, Mohammad Saiful and Kantarcioglu, Murat},
title = {Distributed Search over Encrypted Big Data},
booktitle = {Proceedings of the 5th ACM Conference on Data and Application Security and Privacy},
series = {CODASPY '15},
year = {2015},
isbn = {978-1-4503-3191-3},
location = {San Antonio, Texas, USA},
pages = {271--278},
numpages = {8},
url = {http://doi.acm.org/10.1145/2699026.2699116},
doi = {10.1145/2699026.2699116},
acmid = {2699116},
publisher = {ACM},
address = {New York, NY, USA},
keywords = {privacy, searchable encryption, security},
} 

@INPROCEEDINGS{7889242, 
	author={M. Ahmadian}, 
	booktitle={2017 IEEE International Conference on Consumer Electronics (ICCE)}, 
	title={Secure query processing in cloud NoSQL}, 
	year={2017}, 
	pages={90-93}, 
	keywords={NoSQL databases;cloud computing;cryptography;query processing;SecureNoSQL;cloud NoSQL database encryption;descriptive language;query processing;security plan;Encryption;Servers;Time factors;Database as a Service;Document store;NoSQL;Public cloud;encrypted data;query;search;security}, 
	doi={10.1109/ICCE.2017.7889242}, 
	month={Jan},
}

@article{ahmadian2014security, 
author={Ahmadian, M. and Paya, A. and Marinescu, D.C.}, 
journal={IEEE International conf. on Parallel Distributed Processing Symposium Workshops (IPDPSW)}, 
title={Security of Applications Involving Multiple Organizations and Order Preserving Encryption in Hybrid Cloud Environments}, 
year={2014}, 
pages={894-903}, 
keywords={Big Data;cloud computing;cryptography;data privacy;Big Data;OPE;data security;hybrid cloud environments;hybrid cloud solution;multiple organizations;nonconfidential data;order preserving encryption;private data;public cloud;security requirements;smart power grid;Cloud computing;Companies;Encryption;Smart grids;big data;hybrid cloud;order-preserving symmetric encryption;smart power grid}, 
doi={10.1109/IPDPSW.2014.102}, 
month={May},}

@article{ahmadian2015security, 
author={Ahmadian, M. and Khodabandehloo, J. and Marinescu, D.C.}, 
journal={IEEE SoutheastCon}, 
title={A security scheme for geographic information databases in location based systems}, 
year={2015}, 
pages={1-7}, 
keywords={Global Positioning System;cryptography;geographic information systems;mobile computing;GPS-enabled devices;authentication factor;geographic information databases;geographical database features;geographical location information;hand held devices;location based systems;military applications;mobile devices;mobile transactions;security scheme;smart phones;social networks;Data structures;Encryption;Hardware;Spatial databases;Cryptography;Digital map;Location based system;Security;databases}, 
doi={10.1109/SECON.2015.7132941}, 
month={April},}

@article{Popa:2011:CPC:2043556.2043566,
author = {Popa, Raluca Ada and Redfield, Catherine M. S. and Zeldovich, Nickolai and Balakrishnan, Hari},
title = {CryptDB: Protecting Confidentiality with Encrypted Query Processing},
journal = {Proc. of the Twenty-Third ACM Symposium on Operating Systems Principles},
series = {SOSP '11},
year = {2011},
isbn = {978-1-4503-0977-6},
location = {Cascais, Portugal},
pages = {85--100},
numpages = {16},
doi = {10.1145/2043556.2043566},
acmid = {2043566},
publisher = {ACM},
address = {New York, NY, USA},
} 

@inproceedings{popa2011cryptdb,
  title={CryptDB: protecting confidentiality with encrypted query processing},
  author={Popa, Raluca Ada and Redfield, Catherine and Zeldovich, Nickolai and Balakrishnan, Hari},
  booktitle={Proceedings of the Twenty-Third ACM Symposium on Operating Systems Principles},
  pages={85--100},
  year={2011},
  organization={ACM}
}

@inproceedings{naveed2015inference,
  title={Inference attacks on property-preserving encrypted databases},
  author={Naveed, Muhammad and Kamara, Seny and Wright, Charles V},
  booktitle={Proceedings of the 22nd ACM SIGSAC Conference on Computer and Communications Security},
  pages={644--655},
  year={2015},
  organization={ACM}
}
@article{gentry2010computing,
  title={Computing arbitrary functions of encrypted data},
  author={Gentry, Craig},
  journal={Communications of the ACM},
  volume={53},
  number={3},
  pages={97--105},
  year={2010},
  publisher={ACM}
}


@inproceedings{agarwal2014knowing,
  title={Knowing when you're wrong: building fast and reliable approximate query processing systems},
  author={Agarwal, Sameer and Milner, Henry and Kleiner, Ariel and Talwalkar, Ameet and Jordan, Michael and Madden, Samuel and Mozafari, Barzan and Stoica, Ion},
  booktitle={Proceedings of the 2014 ACM SIGMOD international conference on Management of data},
  pages={481--492},
  year={2014},
  organization={ACM}
}

@article{tu2013processing,
title={Processing analytical queries over encrypted data},
author={Tu, Stephen and Kaashoek, M Frans and Madden, Samuel and Zeldovich, Nickolai},
journal={Proc. of the VLDB Endowment},
volume={6},
number={5},
pages={289--300},
year={2013},
organization={VLDB Endowment}
}

@inproceedings{wang2015initial,
title={Initial Encryption of large Searchable Data Sets using Hadoop},
author={Wang, Feng and Kohler, Mathias and Schaad, Andreas},
booktitle={Proceedings of the 20th ACM Symposium on Access Control Models and Technologies},
pages={165--168},
year={2015},
organization={ACM}
}


@article{daemen1999aes,
title={AES proposal: Rijndael},
author={Daemen, Joan and Rijmen, Vincent},
year={1999}
}

@article{Mavroforakis:2015:MOE:2723372.2749455,
author = {Mavroforakis, Charalampos and Chenette, Nathan and O'Neill, Adam and Kollios, George and Canetti, Ran},
title = {Modular Order-Preserving Encryption, Revisited},
journal = {Proc. of the 2015 ACM SIGMOD International Conf. on Management of Data},
series = {SIGMOD '15},
year = {2015},
isbn = {978-1-4503-2758-9},
location = {Melbourne, Victoria, Australia},
pages = {763--777},
numpages = {15},
url = {http://doi.acm.org/10.1145/2723372.2749455},
doi = {10.1145/2723372.2749455},
acmid = {2749455},
publisher = {ACM},
address = {New York, NY, USA},
keywords = {database encryption, database security model, order preserving encryption, range queries},
}

@inproceedings{gentry2009fully,
title={Fully homomorphic encryption using ideal lattices.},
author={Gentry, Craig and others},
booktitle={STOC},
volume={9},
pages={169--178},
year={2009}
}

@article{brakerski2014efficient,
title={Efficient fully homomorphic encryption from (standard) LWE},
author={Brakerski, Zvika and Vaikuntanathan, Vinod},
journal={SIAM Journal on Computing},
volume={43},
number={2},
pages={831--871},
year={2014},
publisher={SIAM}
}

@article{brakerski2011fully,
title={Fully homomorphic encryption from ring-LWE and security for key dependent messages},
author={Brakerski, Zvika and Vaikuntanathan, Vinod},
journal={Advances in Cryptology--CRYPTO 2011},
pages={505--524},
year={2011},
publisher={Springer}
}


@inproceedings{paillier1999public,
title={Public-key cryptosystems based on composite degree residuosity classes},
author={Paillier, Pascal},
booktitle={Advances in cryptology—EUROCRYPT’99},
pages={223--238},
year={1999},
organization={Springer}
}

@article{bajaj2014trusteddb,
title={TrustedDB: A trusted hardware-based database with privacy and data confidentiality},
author={Bajaj, Sumit and Sion, Radu},
journal={IEEE Transactions on Knowledge and Data Engineering},
volume={26},
number={3},
pages={752--765},
year={2014},
publisher={IEEE}
}

@online{MONGODB3.2,
title = {MongoDB},
url = {https://www.mongodb.com/mongodb-architecture},
OPTversion = {3.2},
OPTdate = {1/25/2016},
OPTmonth = {January},
OPTyear = {2016},
note={(last accessed 25-January-2016)},
}

@article{Sathyadevan2015,
year={2015},
isbn={978-3-319-11226-8},
journal={Intelligent Distributed Computing},
volume={321},
series={Advances in Intelligent Systems and Computing},
editor={Buyya, Rajkumar and Thampi, Sabu M.},
doi={10.1007/978-3-319-11227-5_18},
title={Enhancement of Data Level Security in MongoDB},
url={http://dx.doi.org/10.1007/978-3-319-11227-5_18},
publisher={Springer International Publishing},
keywords={NoSQL; MongoDB; Security; Kerberos},
author={Sathyadevan, Shiju and Muraleedharan, Nandini and Rajan, SreerangaP.},
pages={199-212},
language={English}
}

@article{lenstra2012ron,
title={Ron was wrong, Whit is right},
author={Lenstra, Arjen and Hughes, James P and Augier, Maxime and Bos, Joppe Willem and Kleinjung, Thorsten and Wachter, Christophe},
year={2012},
journal={IACR}
}

@article{heninger2012mining,
title={Mining Your Ps and Qs: Detection of Widespread Weak Keys in Network Devices.},
author={Heninger, Nadia and Durumeric, Zakir and Wustrow, Eric and Halderman, J Alex},
journal={USENIX Security Symposium},
pages={205--220},
year={2012}
}

@article{rivest1978method,
title={A method for obtaining digital signatures and public-key cryptosystems},
author={Rivest, Ronald L and Shamir, Adi and Adleman, Len},
journal={Communications of the ACM},
volume={21},
number={2},
pages={120--126},
year={1978},
publisher={ACM}
}

@article{adamic2000zipf,
title={Zipf, power-laws, and pareto-a ranking tutorial},
author={Adamic, Lada A},
journal={Xerox Palo Alto Research Center, Palo Alto, CA, http://ginger. hpl. hp. com/shl/papers/ranking/ranking. html},
year={2000}
}

@article{clauset2009power,
title={Power-law distributions in empirical data},
author={Clauset, Aaron and Shalizi, Cosma Rohilla and Newman, Mark EJ},
journal={SIAM review},
volume={51},
number={4},
pages={661--703},
year={2009},
publisher={SIAM}
}

@book{black2004dictionary,
  title={Dictionary of algorithms and data structures},
  author={Black, Paul E},
  year={2004},
  publisher={National Institute of Standards and Technology}
}

@article{liu2014search,
  title={Search pattern leakage in searchable encryption: Attacks and new construction},
  author={Liu, Chang and Zhu, Liehuang and Wang, Mingzhong and Tan, Yu-an},
  journal={Information Sciences},
  volume={265},
  pages={176--188},
  year={2014},
  publisher={Elsevier}
}

@article{goldreich1996software,
  title={Software protection and simulation on oblivious RAMs},
  author={Goldreich, Oded and Ostrovsky, Rafail},
  journal={Journal of the ACM (JACM)},
  volume={43},
  number={3},
  pages={431--473},
  year={1996},
  publisher={ACM}
}

@inproceedings{ostrovsky1990efficient,
  title={Efficient computation on oblivious RAMs},
  author={Ostrovsky, Rafail},
  booktitle={Proceedings of the twenty-second annual ACM symposium on Theory of computing},
  pages={514--523},
  year={1990},
  organization={ACM}
}

@article{singh2007skyserver,
  title={Skyserver traffic report-the first five years},
  author={Singh, Vik and Gray, Jim and Thakar, Ani and Szalay, Alexander S and Raddick, Jordan and Boroski, Bill and Lebedeva, Svetlana and Yanny, Brian},
  journal={arXiv preprint cs/0701173},
  year={2007}
}

@article{clauset2009power,
title={Power-law distributions in empirical data},
author={Clauset, Aaron and Shalizi, Cosma Rohilla and Newman, Mark EJ},
journal={SIAM review},
volume={51},
number={4},
pages={661--703},
year={2009},
publisher={SIAM}
}

@article{kleinjung2010factorization,
title={Factorization of a 768-bit RSA modulus},
author={Kleinjung, Thorsten and Aoki, Kazumaro and Franke, Jens and Lenstra, Arjen K and Thom{\'e}, Emmanuel and Bos, Joppe W and Gaudry, Pierrick and Kruppa, Alexander and Montgomery, Peter L and Osvik, Dag Arne and others},
journal={Advances in Cryptology--CRYPTO 2010},
pages={333--350},
year={2010},
publisher={Springer}
}

@inproceedings{pritchett2010sievestore,
  title={SieveStore: a highly-selective, ensemble-level disk cache for cost-performance},
  author={Pritchett, Timothy and Thottethodi, Mithuna},
  booktitle={ACM SIGARCH Computer Architecture News},
  volume={38},
  number={3},
  pages={163--174},
  year={2010},
  organization={ACM}
}

@inproceedings{davis2006relationship,
  title={The relationship between Precision-Recall and ROC curves},
  author={Davis, Jesse and Goadrich, Mark},
  booktitle={Proceedings of the 23rd international conference on Machine learning},
  pages={233--240},
  year={2006},
  organization={ACM}
}
@inproceedings{ristenpart2009hey,
  title={Hey, you, get off of my cloud: exploring information leakage in third-party compute clouds},
  author={Ristenpart, Thomas and Tromer, Eran and Shacham, Hovav and Savage, Stefan},
  booktitle={Proceedings of the 16th ACM conference on Computer and communications security},
  pages={199--212},
  year={2009},
  organization={ACM}
}

@article{Lombardi20111113,
title = "Secure virtualization for cloud computing ",
journal = "Journal of Network and Computer Applications ",
volume = "34",
number = "4",
pages = "1113 - 1122",
year = "2011",
note = "Advanced Topics in Cloud Computing ",
issn = "1084-8045",
doi = "http://dx.doi.org/10.1016/j.jnca.2010.06.008",
url = "http://www.sciencedirect.com/science/article/pii/S1084804510001062",
author = "Flavio Lombardi and Roberto Di Pietro",
keywords = "Security",
keywords = "Cloud computing",
keywords = "Virtualization technologies "
}
@article{khoshavi2016-isqed,
title = "Bit-Upset Vulnerability Factor for eDRAM Last Level Cache Immunity Analysis",
journal = "17th International Symposium on Quality Electronic Design ",
year = "2016",
author = "Khoshavi, Navid and Chen, X and Wang, J and DeMara, R. F.",
}

@article{khoshavi2016-dac,
title = "AOS: Adaptive Overwrite Scheme for Energy Efficient MLC STT-RAM Cache",
journal = "53rd Design Automation Conference",
year = "2016",
author = "Chen, X and Khoshavi, Navid and Zhou1, Jian and Huangand, Dan and DeMara, R. F. and Wang, J and Wen, W and Chen, Y",
}

@article{liu2012amazon,
  title={Amazon data center size},
  author={Liu, Huan},
  journal={published March},
  volume={13},
  year={2012}
}

@online{Netcraft-AWS-Growth,
ALTauthor = {Michael Tremante},
title = {Amazon Web Services’ growth unrelenting},
date = { 20th May, 2013},
url = {http://news.netcraft.com/archives/2013/05/20/amazon-web-services-growth-unrelenting.html},
OPTorganization = {netcraft},
note={(last accessed 3rd May, 2016)}
}

@article{chen1976entity,
  title={The entity-relationship model—toward a unified view of data},
  author={Chen, Peter Pin-Shan},
  journal={ACM Transactions on Database Systems (TODS)},
  volume={1},
  number={1},
  pages={9--36},
  year={1976},
  publisher={ACM}
}
@incollection{cash2013highly,
	title={Highly-scalable searchable symmetric encryption with support for boolean queries},
	author={Cash, David and Jarecki, Stanislaw and Jutla, Charanjit and Krawczyk, Hugo and Ro{\c{s}}u, Marcel-C{\u{a}}t{\u{a}}lin and Steiner, Michael},
	booktitle={Advances in Cryptology--CRYPTO 2013},
	pages={353--373},
	year={2013},
	publisher={Springer}
}
@inproceedings{faber2015rich,
	title={Rich queries on encrypted data: Beyond exact matches},
	author={Faber, Sky and Jarecki, Stanislaw and Krawczyk, Hugo and Nguyen, Quan and Rosu, Marcel and Steiner, Michael},
	booktitle={European Symposium on Research in Computer Security},
	pages={123--145},
	year={2015},
	organization={Springer}
}
@inproceedings{hacigumus2002providing,
  title={Providing database as a service},
  author={Hacig{\"u}m{\"u}s, Hakan and Iyer, Bala and Mehrotra, Sharad},
  booktitle={Data Engineering, 2002. Proceedings. 18th International Conference on},
  pages={29--38},
  year={2002},
  organization={IEEE}
}
@article{curino2011relational,
  title={Relational cloud: A database-as-a-service for the cloud},
  author={Curino, Carlo and Jones, Evan PC and Popa, Raluca Ada and Malviya, Nirmesh and Wu, Eugene and Madden, Sam and Balakrishnan, Hari and Zeldovich, Nickolai},
  year={2011}
}

@incollection{mykletun2006aggregation,
  title={Aggregation queries in the database-as-a-service model},
  author={Mykletun, Einar and Tsudik, Gene},
  booktitle={Data and Applications Security XX},
  pages={89--103},
  year={2006},
  publisher={Springer}
}

@inproceedings{cooper2010benchmarking,
  title={Benchmarking cloud serving systems with YCSB},
  author={Cooper, Brian F and Silberstein, Adam and Tam, Erwin and Ramakrishnan, Raghu and Sears, Russell},
  booktitle={Proceedings of the 1st ACM symposium on Cloud computing},
  pages={143--154},
  year={2010},
  organization={ACM}
}

@article{whang2010managing,
  title={Managing information leakage},
  author={Whang, Steven Euijong and Garcia-Molina, Hector},
  year={2010},
  publisher={Stanford InfoLab}
}

@incollection{chatzikokolakis2010statistical,
  title={Statistical measurement of information leakage},
  author={Chatzikokolakis, Konstantinos and Chothia, Tom and Guha, Apratim},
  booktitle={Tools and Algorithms for the Construction and Analysis of Systems},
  pages={390--404},
  year={2010},
  publisher={Springer}
}

@article{chatzikokolakis2009calculating,
  title={Calculating probabilistic anonymity from sampled data},
  author={Chatzikokolakis, Konstantinos and Chothia, Tom and Guha, Apratim},
  journal={Manuscript},
  volume={200},
  number={9},
  year={2009},
  publisher={Citeseer}
}

@INPROCEEDINGS{4221659, 
 title={t-Closeness: Privacy Beyond k-Anonymity and l-Diversity}, 
 author={Li, Ninghui, Li, Tiancheng and Venkatasubramanian, Suresh},
 booktitle={2007 IEEE 23rd International Conference on Data Engineering}, 
 year={2007}, 
 pages={106-115}, 
 doi={10.1109/ICDE.2007.367856}, 
 ISSN={1063-6382}, 
 month={April}
}

@article{kullback1987letter,
  title={Letter to the editor: the Kullback-Leibler distance},
  author={Kullback, Solomon},
  year={1987},
  publisher={AMERICAN STATISTICIAN}
}

@inproceedings{mykletun2006aggregation,
  title={Aggregation queries in the database-as-a-service model},
  author={Mykletun, Einar and Tsudik, Gene},
  booktitle={IFIP Annual Conference on Data and Applications Security and Privacy},
  pages={89--103},
  year={2006},
  organization={Springer}
}

@article{bray2014javascript,
	title={The javascript object notation (json) data interchange format},
	author={Bray, Tim},
	year={2014}
}
@article{weiss2015target,
	title={The Target and Other Financial Data Breaches: Frequently Asked Questions},
	author={Weiss, N Eric and Miller, Rena S},
	journal={Congressional Research Service, Prepared for Members and Committees of Congress February},
	volume={4},
	pages={2015},
	year={2015}
}

@article{silver2014jpmorgan,
	title={JPMorgan Chase Hack Affects 76 Million Households},
	author={Silver-Greenberg, Jessica and Goldstein, Matthew and Perlroth, Nicole},
	journal={New York Times},
	volume={2},
	year={2014}
}
@inproceedings{shmueli2005designing,
  title={Designing secure indexes for encrypted databases},
  author={Shmueli, Erez and Waisenberg, Ronen and Elovici, Yuval and Gudes, Ehud},
  booktitle={IFIP Annual Conference on Data and Applications Security and Privacy},
  pages={54--68},
  year={2005},
  organization={Springer}
}

@inproceedings{Agarwal:2014:KYW:2588555.2593667,
 author = {Agarwal, Sameer and Milner, Henry and Kleiner, Ariel and Talwalkar, Ameet and Jordan, Michael and Madden, Samuel and Mozafari, Barzan and Stoica, Ion},
 title = {Knowing when You'Re Wrong: Building Fast and Reliable Approximate Query Processing Systems},
 booktitle = {Proceedings of the 2014 ACM SIGMOD International Conference on Management of Data},
 series = {SIGMOD '14},
 year = {2014},
 isbn = {978-1-4503-2376-5},
 location = {Snowbird, Utah, USA},
 pages = {481--492},
 numpages = {12},
 url = {http://doi.acm.org/10.1145/2588555.2593667},
 doi = {10.1145/2588555.2593667},
 acmid = {2593667},
 publisher = {ACM},
 address = {New York, NY, USA},
 keywords = {approximate query processing, diagnostics, error estimation},
} 
@inproceedings{huber1967behavior,
  title={The behavior of maximum likelihood estimates under nonstandard conditions},
  author={Huber, Peter J},
  booktitle={Proceedings of the fifth Berkeley symposium on mathematical statistics and probability},
  volume={1},
  number={1},
  pages={221--233},
  year={1967}
}
@inproceedings{babcock2003dynamic,
  title={Dynamic sample selection for approximate query processing},
  author={Babcock, Brian and Chaudhuri, Surajit and Das, Gautam},
  booktitle={Proceedings of the 2003 ACM SIGMOD international conference on Management of data},
  pages={539--550},
  year={2003},
  organization={ACM}
}